
@book{pinker:1989,
author = {Pinker, S.},
title = {Learnability and cognition},
publisher = {MIT Press},
address = {Cambridge, MA},
year = 1984
}
@article{siskind:1996,
author = {Siskind, J. M.},
title = {A computational study of cross-situational techniques for learning word-to-meaning mappings},
journal = {Cognition},
volume = {61},
pages = {39--91},
year = {1996}
}
@article{vogt:2000c,
author = {Vogt, P.},
title = {Bootstrapping grounded symbols by minimal autonomous robots},
journal = {Evolution of Communication},
volume = {4(1)},
pages = {89-118},
year = {2000},
}
@article{vogt:2002a,
author = {Vogt, P.},
title = {The physical symbol grounding problem},
journal = {Cognitive Systems Research},
volume = {3(3)},
pages = {429-457},
year = {2002}
}
@article{vogtcoumans:2003,
author = {Vogt, P. and Coumans, H.},
year = 2003,
title = {Investigating social interaction strategies for bootstrapping lexicon development},
journal = {Journal for Artificial Societies and Social Simulation},
volume = {6(1)},
note = {http://jasss.soc.surrey.ac.uk},
pages = {}
}
@article{vogt:2003a,
author = {Vogt, P.},
year = {2003},
title = {Anchoring of semiotic symbols},
journal = {Robotics and Autonomous Systems},
volume = {43(2)},
pages = {109--120}
}
@inproceedings{vogt:2003c,
title = {{THSim} v3.2: The {T}alking {H}eads simulation tool},
author = {Vogt, P.},
  booktitle = 	 {Advances in Artificial Life - Proceedings of the 7th European Conference on Artificial Life (ECAL)},
  pages =        {},
  year = 	 {2003},
  editor = 	 {W. Banzhaf and T. Christaller and P. Dittrich and J. T. Kim and J. Ziegler},
  publisher =    {Springer Verlag Berlin, Heidelberg}
}
@article{vogt:2005a,
author = {Vogt, P.},
title = {The emergence of compositional structures in perceptually
  grounded language games},
year = {2005},
journal = {Artificial Intelligence},
volume = {167(1--2)},
pages = {206--242},
}
@article{gilbertetal:2006,
author = {N. Gilbert and M. den Besten and A. Bontovics and B.G.W. Craenen and F. Divina and A.E. Eiben and A. R. Griffioen and Gy. H\'ev\'ezi and A. L\"{o}rincz and B. Paechter and S. Schuster and M.C. Schut and C. Tzolov and P. Vogt and L. Yang},
year = 2006,
title = {Emerging Artificial Societies Through Learning},
journal = {Journal of Artificial Societies and Social Simulation},
volume = {9(2)}
}
@inproceedings{kirbyhurford:2002,
author = {Kirby, S. and Hurford, J. R.},
title = {The Emergence of Linguistic Structure: An Overview of the Iterated Learning Model},
booktitle = {Simulating the Evolution of Language},
editor = {Cangelosi, A. and Parisi, D.},
publisher = {Springer},
address = {London},
pages = {121-148},
year = {2002}
}

@article{vogt:2005b,
author = {Vogt, P.},
title = {On the acquisition and evolution of compositional languages: Sparse input and the productive creativity of children},
year = {2005},
journal = {Adaptive Behavior},
volume = {13(4)},
pages = {325--346},
}
@inproceedings{vogt:2006a,
author = {Vogt, P.},
title = {Language evolution and robotics: Issues in symbol grounding and language acquisition},
editor = {A. Loula and R. Gudwin and J. Queiroz},
booktitle = {Artificial Cognition Systems},
year = {2006},
pages = {176--209},
publisher = {Idea Group Publishing},
address = {Hershey, PA}
}
@inproceedings{vogt:2007b,
author = {Vogt, P.},
year = 2007,
title = {Variation, competition and selection in the self-organisation of compositionality},
editor = {Wallace, B. and A. Ross and J. B. Davies and T. Anderson},
booktitle = {The Mind, the Body and the World: Psychology After Cognitivism?},
publisher = {Imprint Academic},
pages =  {233--256},
address = {Exeter}
}
@article{vogthaasdijk:2010,
author = {Vogt, P. and Haasdijk, E.},
year = 2010,
title = {Modelling social learning of language and skills},
journal = {Artificial Life},
volume = {16},
issue = 4
}
@book{macwhinney:2000,
title = {The {CHILDES} Project: Tools for Analyzing Talk},
author = {{MacWhinney}, B.},
publisher = {Lawrence Erlbaum},
year = 2000
}

@article{vogtdivina:2007,
author = {Vogt, P. and Divina, F.},
title = {Social symbol grounding and language evolution},
journal = {Interaction Studies},
volume = {8(1)},
pages = {31--52},
year = 2007
}
@article{vogtdeboer:2010,
title = {Language evolution: Computer models for empirical data},
author = {Vogt, P. and {de Boer}, B.},
journal = {Adaptive Behavior},
pages = {5--11},
volume = {18(1)},
year = {2010}
}
@article{vogtlieven:2010,
author = {Vogt, P. and Lieven, E.},
title = {Verifying theories of language acquisition using computer models of language evolution},
journal = {Adaptive Behavior},
volume = 18,
issue = 1,
pages = {21--35},
year = 2010
}
@inproceedings{smithetal:2006,
author = {K. Smith and A.D.M. Smith and R. Blythe and P. Vogt},
title = {Cross-situational learning: a mathematical approach},
booktitle = {Symbol grounding and beyond},
editor = {P. Vogt and Y. Sugita and E. Tuci and C. Nehaniv},
publisher = {Springer},
year = 2006
}
@article{vogt:2012,
  title={Exploring the robustness of cross-situational learning under {Z}ipfian distributions},
  author={Vogt, P.},
  journal={Cognitive Science},
pages = {726--739},
volume = {36},
issue = 4,
  year={2012},
  publisher={Wiley Online Library}
}
@article{vogtmastin:2013,
author = {Vogt, P. and Mastin, J. D.},
title = {Anchoring social symbol grounding in children's interactions},
journal = {K\"{u}nstliche Intelligenz},
year = {2013},
volume = {27},
issue = 2,
pages = {145--151}
}

@article{steelskaplan:2000,
title = {AIBO's first words. The social learning of language and meaning},
author = {Steels, L. and F. Kaplan},
journal = {Evolution of Communication},
volume = {4(1)},
pages = {},
year = {2000}
}
@book{steels:2012,
  title={Experiments in Cultural Language Evolution},
  editor={Steels, Luc},
series={Advances in interaction studies},
  volume={3},
  year={2012},
  publisher={John Benjamins}
}

@inproceedings{steelsetal:2002,
author = {Steels, L. and Kaplan, F. and McIntyre, A. and Van Looveren, J.},
year = 2002,
title = {Crucial factors in the origins of word-meaning},
editor = {Wray, A.},
pages = {252--271},
booktitle = {The Transition to Language},
publisher = {Oxford University Press},
address = {Oxford, UK}
}
@inproceedings{steelsdebeule:2006,
  author={L. Steels and J. De Beule},
  title={Unify and Merge in Fluid Construction Grammar},
  year={2006},
  pages={197-223},
editor = {P. Vogt and Y. Sugita and E. Tuci and C. Nehaniv},
  series={Lecture Notes in Computer Science},
  publisher={Springer},
  booktitle={Symbol Grounding and Beyond: Proceedings of the Third International Workshop on the Emergence and Evolution of Linguistic Communication},
}
@article{baronchellietal:2006a,
author = {Baronchelli, A. and M. Felici and E. Caglioti and V. Loreto and L. Steels},
year = 2006,
title = {Sharp transition towards shared lexicon in multi-agent systems},
journal = {Journal of Statistical Mechanics},
volume = {P06014},
pages = {}
}


@book{aczel:1989,
author = {Aczel, A.D.},
title = {Complete Business Statistics},
publisher = {Irwin},
year = {1989}
}
@book
{aitchison:1987
, author = {Aitchison, J.}
, title = {Words in the mind: an introduction to the mental lexicon}
, edition = {second} 
, year = {1987}
, publisher = {Blackwell Publishers}
, address = {Cambridge, MA}
}
@book{aitchison:1996,
author = {Aitchison, J.},
title = {The seeds of speech: Language origin and evolution},
year = {1996},
publisher = {Cambridge University Press}
}
@article{ahaetal:1991,
author = {Aha, D.W. and Kibler, D. and Albert, M.K.},
title = {Instance-based learning algorithms},
journal = {Machine Learning},
volume = {6(1)},
pages = {37-66},
year = {1991}
}

@inproceedings
{aylettetal:1995
, author ={Aylett, R.S. and Coddington, A.M. and Barnes, D.P. and Ghanea-Hercock, R. and Gray, J.O.}
, title = {Planning and behaviours - a hybrid architecture for mobile robots}
, booktitle = {Proceedings, 2nd IFAC Conference on Intelligent Autonomous Vehicles}
, editor = {}
, publisher = {}
, address = {}
, year = {1995}
} 
@article{baldwin:1993,
author = {Baldwin, D.},
title = {Early referential understanding: Young children's ability to recognize referential acts for what they are},
journal = {Child Development},
volume = {29},
pages = {1-12},
year = {1993}
}
@book{banks:1990,
author = {Banks, S.},
title = {Signal processing, image processing and pattern recognition},
publisher = {Prentice Hall International, Ltd.},
address = {UK},
year = {1990}
}
@inproceedings{barnes:1996,
author = {Barnes, D. P.},
title = {A behavior synthesis architecture for co-operant mobile robots},
booktitle = {Advanced Robotics and Intelligent Machines},
editor = {Gray, J. O. and Caldwell, D. G.},
publisher = {IEE Control Engineering Series 51},
pages = {295-314},
year = {1996}
}
@inproceedings{barnesetal:1997,
author = {Barnes, D. P. and Aylett, R. S. and Coddington, A. M. and Ghanea-Hercock, R. A.},
title = {A hybrid approach to supervising multiple co-operant autonomous mobile robots},
booktitle = {Proceedings of the International Conference on Advanced Robotics},
editor = {},
publisher = {},
year = {1997}
}


@InCollection{barrett:1995,
  author = 	 {Barrett, M.},
  title = 	 {Early Lexical Development},
  booktitle = 	 {The Handbook of Child Language},
  publisher = {Basil Blackwell Ltd},
  year = 	 {1995},
  editor = 	 {Fletcher, P. and MacWhinney, B.},
  pages = 	 {362-392},
}

@Article{barsalou:1999,
  author = 	 {Barsalou, L. W.},
  title = 	 {Perceptual Symbol Systems},
  journal = 	 {Behavioral and Brain Sciences},
  year = 	 {1999},
  OPTkey = 	 {},
  volume = 	 {22},
  OPTnumber = 	 {},
  OPTmonth = 	 {},
  pages = 	 {577-609},
  OPTnote = 	 {},
  OPTannote = 	 {}
}
@inproceedings{bartontomasello:1994,
title = {The rest of the family: The role of fathers and siblings in early language development},
author = {Barton, M. and Tomasello, M.},
booktitle = {Input and interaction in language acquisition},
editor = {Gallaway, C. and Richards, B.},
publisher = {Cambridge University Press},
address = {Cambridge, UK},
year = {1994}
}
@inproceedings{bailyetal:1998,
author = {Baily, D. and Chang, N. and Feldman, J. and Narayanan, S.},
title = {Extending Embodied Lexical Development},
booktitle = {Proceedings of the Twentieth Annual Meeting of the Cognitive Science Society},
publisher = {},
address = {Madison},
year = {1998}
}
@misc
{belpaemebirk
, author = {Belpaeme, T. and A. Birk}
, title = {A Real-World Ecosystem featuring several Robot Species}
, year = {1997}
, howpublished = {AI-memo 97-07, AI Lab, Vrije Universiteit
                 Brussel, presented at the European Conference on 	Artificial Life 97}
}
@inproceedings
{belpaeme:1998
, author = {Belpaeme, T. and L. Steels and J. van Looveren}
, title = {The Construction and Acquisition of Visual Categories}
, booktitle = {Learning Robots, Proceedings of the EWLR-6, Lecture Notes on Artificial Intelligence 1545}
, editor = {Birk, A. and J. Demiris}
, publisher = {Springer}
, address = {}
, year = {1998}
}
@inproceedings{belpaeme:1999,
author = {Belpaeme, T.},
title = {Evolution of Visual Feature Detectors},
booktitle = {Evolutionary Computation in Image Analysis and Signal Processing and Telecommunications First European Workshops, EvoIASP99 and EuroEcTel99 Joint Proceedings. G\"oteborg, Sweden. LNCS 1596},
editor = {},
publisher = {Springer-Verlag},
address = {Berlin},
year = {1999}
}
@article{berthouzekuniyoshi:1998
, author = {Berthouze, L. and Y. Kuniyoshi}
, title = {Emergence and Categorization of Coordinated Visual Behavior Through Embodied Interaction}
, journal = {Machine Learning}
, publisher = {Kluwer Academic Publishers}
, volume = {31/1,2,3}
, pages = {187 - 200}
, year = {1998}
}
@inproceedings
{birk
, author = {Birk, A.}
, title = {Autonomous Recharging of Mobile Robots}
, booktitle = {Proceedings of ISATA97, Dedicated Conference on Robotics, Motion and Machine Vision}
, editor = {}
, publisher = {}
, address = {}
, year = {1997}
}
@inproceedings
{billarddautenhahn
, author = {Billard, A. and K. Dautenhahn}
, title = {Grounding communication in situated, social robots}
, booktitle = {Proc. Conference "Towards Intelligent Mobile Robots"}
, editor = {}
, publisher = {}
, address = {Manchester}
, year = {1997}
}
@inproceedings{billard:1997a,
author = {Billard, A. and Hayes, G.},
title = {Robot's first steps, robot's first words ...},
booktitle = {Proceedings of the GALA '97 Conference on Language Acquisition - Edingburgh},
editor = {Sorace and Heycock},
address = {Human Communication Research Centre},
publisher = {University of Edinburgh},
year = {1997}
}

@PhdThesis{billard:1998,
  author = 	 {Billard, A.},
  title = 	 {DRAMA, a connectionist model for robot learning: Experiments on grounding communication through imitation in autonomous robots},
  school = 	 {University of Edingburgh},
  year = 	 {1998},
}

@article
{billard:1999
, author = {Billard, A. and Hayes, G.}
, title = {DRAMA, a connectionist architecture for control
and learning in autonomous robots}
, journal = {Adaptive Behaviour}
, volume = {7(1)}
, year = {1999}
}

@book{bloomlazerson,
author = {Bloom, F. E. and Lazerson, A.},
title = {Brain, Mind, and Behavior. second edition},
publisher = {W. H. Freeman and Company},
year = {1988}
}
@article
{blumLangley
, author = {Blum, A.L. and P. Langley}
, title = {Selection of relevant features and examples in machine learning}
, journal = {Artificial Intelligence}
, volume = {97(1-2)}
, pages = {245-271}
, publisher = {Elsevier}
, address = {Amsterdam}
, year = {1997}
}


@InCollection{bowerman:1988,
  author = 	 {Bowerman, M.},
  title = 	 {The `No Negative Evidence' Problem: How Do Children Avoid Constructing an Overly General Grammer"},
  booktitle = 	 {Explaining Language Universals},
  OPTcrossref =  {},
  OPTkey = 	 {},
  publisher = {Basil Blackwell},
  year = 	 {1988},
  editor = 	 {Hawkins, J. A.},
  OPTvolume = 	 {},
  OPTnumber = 	 {},
  OPTseries = 	 {},
  chapter = 	 {4},
  OPTtype = 	 {},
  OPTaddress = 	 {},
  OPTedition = 	 {},
  OPTmonth = 	 {},
  pages = 	 {73-101},
  OPTnote = 	 {},
  OPTannote = 	 {}
}

@InCollection{braine:1971,
  author = 	 {Braine, M. D. S.},
  title = 	 {The acquisition of language in infant and child},
  booktitle = 	 {The Learning of Language},
  OPTcrossref =  {},
  OPTkey = 	 {},
  publisher = {Scribners},
  year = 	 {1971},
  editor = 	 {Reed, C.},
  OPTvolume = 	 {},
  OPTnumber = 	 {},
  OPTseries = 	 {},
  OPTchapter = 	 {},
  OPTtype = 	 {},
  address = 	 {New York},
  OPTedition = 	 {},
  OPTmonth = 	 {},
  OPTpages = 	 {},
  OPTnote = 	 {},
  OPTannote = 	 {}
}

@book
{braitenberg:1984
, author = {Braitenberg, V.}
, title = {Vehicles, Experiments in Synthetic Psychology}
, publisher = {The MIT Press}
, address = {Cambridge MA.}
, year = {1984}
}
@proceedings{brent:1997,
editor = {Brent, M.R.},
title = {Computational Approaches to Language Acquisition},
publisher = {The MIT Press},
year = {1997}
}
@book{bretano:1874,
author = {Bretano, F.},
title = {Psychology from an Empirical Standpoint},
publisher = {Duncker und Humbolt},
address = {Leipzig},
year = {1874}
}
@article{brooks:1986,
author = {Brooks, R.A.},
title = {A robust layered control system for a mobile robot},
journal = {IEEE Journal of Robotics and Automation},
volume = {2},
pages = {14-23},
year = {1986},
publisher = {},
address = {}
}
@article
{brooks:1990
, author = {Brooks, R.A.}
, title = {Elephants Don't Play Chess}
, journal = {Robotics and Autonomous Systems}
, volume = {6}
, pages = {3-15}
, publisher = {}
, address = {}
, year = {1990}
}
@article
{brooks:1991
, author = {Brooks, R.A.}
, title = {Intelligence without representation}
, journal = {Artificial Intelligence}
, volume = {47}
, pages = {139-159}
, publisher = {Elsevier Science Publishers}
, address = {}
, year = {1991}
}
@article{brown:1958,
author = {Brown, R.},
title = {How shall a thing be called?},
journal = {Psychological Review},
volume = {65},
pages = {14-21},
year = {1958}
}
@InCollection{brownhanlon:1970,
  author = 	 {Brown, R. and Hanlon, C.},
  title = 	 {Derivational complexity and order of acquisition in  child speech},
  booktitle = 	 {Cognition and the Development of Language},
  OPTcrossref =  {},
  OPTkey = 	 {},
  publisher = {Wiley},
  year = 	 {1970},
  OPTeditor = 	 {},
  OPTvolume = 	 {},
  OPTnumber = 	 {},
  OPTseries = 	 {},
  OPTchapter = 	 {},
  OPTtype = 	 {},
  address = 	 {New York},
  OPTedition = 	 {},
  OPTmonth = 	 {},
  OPTpages = 	 {},
  OPTnote = 	 {},
  OPTannote = 	 {}
}
@book{byrne:1995,
author = {Byrne, R.},
title = {The Thinking Ape: Evolutionary Origins of Intelligence},
publisher = {Oxford University Press},
address = {Oxford},
year = {1995}
}
@book{cambel:1993,
author = {Cambel, A.B.},
title = {Applied Chaos Theory. A paradigm for complexity},
publisher = {Academic Press Ltd.},
address = {London},
year = {1993}
}
@article{cangelosiparisi:1998,
author = {Cangelosi, A. and Parisi, D.},
title = {The emergence of "language" in an evolving population of neural networks},
journal = {Connection Science},
volume = {10},
pages = {83-93},
year = {1998}
}
@inproceedings{cangelosi:1998,
author = {Greco, A. and Cangelosi, A. and S. Harnad},
title = {A connectionist model for categorical perception and symbol grounding},
booktitle = {International Conference on Artificial Neural Networks},
year = {1998},
editior = {},
publisher = {},
}
@article{cangelosiharnad:2000,
author = {Cangelosi, A. and Greco, A. and Harnad, S.},
title = {From robotic toil to symbolic theft: Grounding transfer from entry-level to higher-level categories},
journal = {Connection Science},
volume = {in press},
pages = {},
year = {2000}
}
@inproceedings{chapmankaebling:1991,
author = {Chapman, D. and Kaebling, L.P.},
title = {Input generalization in delayed reinforcement learning: An algorithm and performance comparisons},
editor = {Mylopoulos, J. and Reiter, R.},
booktitle = {Proceedings of the twelfth international joint conference on artificial intelligence (IJCAI-91)},
pages = {726,731},
publisher = {Morgan Kauffmann},
address = {San Mateo, CA},
year = {1991}
}
@article{chomsky:1956,
author = {Chomsky, N.},
title = {Three Models for the Description of Language},
journal = {IRE Transactions on Information Theory IT},
volume = {2(3)},
pages = {13-54},
year = {1956}
}
@article{chomsky:1980
, author = {Chomsky, N.}
, title = {Rules and Representations}
, journal = {The behavioral and brain sciences}
, volume = {3}
, pages = {1-61}
, publisher = {Cambridge University Press}
, year = {1980}
}
@inproceedings{changeux:1984,
author = {Changeux, J.-P.},
title = {Learning by Selection},
booktitle = {The Biology of Learning},
editor = {Marler, P. and Terrace, H.S.},
pages = {115-133},
publisher = {Springer-Verlag},
address = {Berlin},
year = {1984}
}

@Misc{chandler:1994,
  author = 	 {Chandler, D.},
  title = 	 {Semiotics for Beginners},
  howpublished = {[WWW document] {\bf URL} http://www.aber.ac.uk/media/Documents/S4B/semiotic.html},
  year = 	 {1994},
}

@book
{p.s.churchland:1986
, author = {Churchland, Patricia S.}
, title = {Neurophilosophy}
, year = {1986}
, publisher = {The MIT Press}
, address = {Cambridge, MA}
}
@book{p.m.churchland:1989,
author = {Churchland, Paul M.},
title = {A Neurocomputational Perspective},
publisher = {The MIT Press},
year = {1989}
}
@book{clancey:1997,
author = {Clancey, W. J.},
title = {Situated Cognition},
year = {1997},
publisher = {Cambridge Univsity Press},
address = {}
}
@book{clarkclark:1977,
author = {Clark, H.H. and Clark, E.V.},
title = {Psychology and Language},
publisher = {Harcourt Brace Jovanovich, Inc.},
year = {1977}
}
@book{clark:1993,
author = {Clark, E.V.},
title = {The lexicon in acquisition},
publisher = {Cambridge University Press},
year = {1993}
}
@book{a.clark:1993,
author = {Clark, A.},
title = {Associative Engines: Connectionism, Concepts, and Representational Change},
publisher = {MIT Press},
address = {Cambridge, MA},
year = {1993}
}
@inproceedings{cotter:1990,
  author = 	 {Cotter, J.R.},
  title = 	 {The Visual Pathway: An Introduction to Structure and Organization},
  booktitle = 	 {Science of Vision},
  publisher = 	 {Springer-Verlag},
  year = 	 {1990},
  editor = 	 {Leibovic, K.N.},
}
@inproceedings{damper:2000,
author = {Damper, R.I.},
title = {Ontogenetic versus phylogenetic learning of the emergence of phonetic categories},
booktitle = {The evolution of language: 3rd International Conference, Paris 2000},
editor = {Dessalles, J.-L. and Ghadakpour, L.},
publisher = {ENST},
address = {Paris},
year = {2000}
}
@inproceedings{deboer:1997,
author = {De Boer, B.},
title = {Generating vowels in a population of agents},
booktitle = {Proceedings of the Fourth European Conference on Artificial Life}
, editor = {Husbands, C. and I. Harvey}
, publisher = {MIT Press}
, address = {Cambridge, MA and London}
, year = {1997}
, pages = {503-510}
}
@inproceedings
{deboer:1998
, author = {De Boer, B.}
, title = {Emergence of sound systems through self-organisation}
, booktitle = {The Evolution of Language (selected papers from the 2nd International Conference on the Evolution of Language, London, April 6-9 1998)}
, editor = {Chris Knight and J. R. Hurford}
, publisher = {}
, year = {1998}
}

@PhdThesis{deboer:1999,
  author = 	 {De Boer, B.},
  title = 	 {Self-Organisation in Vowel Systems},
  school = 	 {Vrije Universiteit Brussels},
  year = 	 {1999},
  OPTkey = 	 {},
  OPTaddress = 	 {},
  OPTtype = 	 {},
  OPTmonth = 	 {},
  OPTnote = 	 {},
  OPTannote = 	 {}
}
@inproceedings{deboervogt:1999,
author = {De Boer, B. and Vogt, P.},
title = {Emergence of Speech Sounds in Changing Populations},
booktitle = {Advances in Artificial Life: Proceedings of 5th European Conference ECAL'99},
editor = {Floreano, D. and Nicoud, J.-D. and Mondada, F.},
publisher = {Springer},
year = {1999}
}
@inproceedings
{dejong:97
, author = {De Jong, E. D.}
, title = {Coordination Developed by Learning from Evaluations}
, booktitle = {Notes of the VIM'97 Workshop on Collaboration between human and artificial societies.}
, editor = {}
, publisher = {}
, year = {1997}
, address = {Universita' di Salerno}
}
@InProceedings{dejong:99b,
  author = 	 {De Jong, E. D.},
  title = 	 {Autonomous Concept Formation},
  booktitle = 	 {Proceedings of the Sixteenth International Joint 
Conference on Artificial Intelligence IJCAI'99},
  year = 	 {1999},
}
@inproceedings{dejong:1999,
author = {De Jong, E. D. and Steels, L.},
title = {Generation and selection of sensory channels},
booktitle = {Evolutionary Computation in Image Analysis and Signal Processing and Telecommunications First European Workshops, EvoIASP99 and EuroEcTel99 Joint Proceedings. G\"oteborg, Sweden. LNCS 1596},
editor = {},
publisher = {Springer-Verlag},
address = {Berlin},
year = {1999}
}
@inproceedings{dejong:1999c,
author = {De Jong, E.D.},
title = {Analyzing the Evolution of Communication from a Dynamical Systems Perspective},
booktitle = {Proceedings of the Fifth European Conference on Artificial Life ECAL'99},
editor = {Floreano, D. and Nicoud, J.-D. and Mondada, F.},
publisher = {Springer-Verlag},
address = {Berlin},
year = {1999}
}
@PhdThesis{dejong:2000,
  author = 	 {De Jong, E.D.},
  title = 	 {The Development of Communication},
  school = 	 {VUB AI Lab},
  year = 	 {2000},
  OPTkey = 	 {},
  OPTaddress = 	 {},
  OPTtype = 	 {},
  OPTmonth = 	 {},
  note = 	 {In preparation},
  OPTannote = 	 {}
}

@inproceedings
{dejongvogt:1998
, author = {De Jong, E. D. and P. Vogt}
, title = {How Should a Robot Discriminate Between Objects?}
, booktitle = {From animals to animats 5, Proceedings of the fifth internation conference on simulation of adaptive behavior}
, year = {1998}
, publisher = {MIT Press}
, address = {Cambridge, MA}
, editor = {Pfeifer, R. and Blumberg, B. and Meyer, J-A. and Wilson, S.}
}
@inproceedings{dessalles:2000,
author = {Dessalles, J.-L.},
title = {Two stages in the evolution of language use},
booktitle = {The evolution of language: 3rd International Conference, Paris 2000},
editor = {Dessalles, J.-L. and Ghadakpour, L.},
publisher = {ENST},
address = {Paris},
year = {2000}
}
@proceedings{dessallesghadakpour:2000,
title = {The evolution of language: 3rd International Conference, Paris 2000},
editor = {Dessalles, J.-L. and Ghadakpour, L.},
publisher = {ENST},
address = {Paris},
year = {2000}
}
@book{darwin:1968,
author={Darwin, C.},
title = {The Origin of Species},
publisher = {Penguin Books},
year = {1968}
}
@book{dawkins:1976,
title = {The Selfish Gene},
author = {Dawkins, R.},
publisher = {Oxford University Press},
address = {Oxford},
year = {1976}
}
@article{demetrasetal:1986,
author = {Demetras, M. J. and Nolan Post, K. and Snow, C. E.},
title = {Feedback to first language learners: the role of repetitions and clarification questions},
journal = {Journal of Child Language},
volume = {13},
pages = {275-292},
year = {1986}
}
@book{dennett:1991,
author = {Dennett, D.C.},
title = {Consciousness Explained},
publisher = {Little, Brown},
address = {Boston},
year = {1991}
}
@book{dennett:1995,
author = {Dennett, D. C.},
title = {Darwin's Dangerous Idea},
publisher = {Penguin Books},
address = {London, UK},
year = {1995}
}
@inproceedings{dircksstoness:1999,
author = {Dircks, C. and Stoness, S.C.},
title = {Effective Lexicon Change in the Absence of Population Flux},
booktitle = {Advances in Artificial Life: Proceedings of 5th European Conference ECAL'99},
editor = {Floreano, D. and Nicoud, J.-D. and Mondada, F.},
publisher = {Springer},
year = {1999}
}
@book{eco:1976,
author = {Eco, U.},
title = {A theory of semiotics},
publisher = {Indiana University Press},
address = {Bloomington},
year = {1976}
}
@inproceedings{eco:1986,
author = {Eco, U.},
title = {On Symbols},
editor = {Deely, J. and Williams, B. and Kruse, F.E.},
booktitle = {Frontiers in Semiotics},
publisher = {Indiana University Press},
address = {Bloomington},
pages = {153-180},
year = {1986}
}
@book
{edelman:1987
, author = {Edelman, G.M.}
, title = {Neural Darwinism}
, publisher = {Basic Books Inc.}
, address = {New York}
, year = {1987}
}
@book
{edelman:1992
, author = {Edelman, G.M.}
, title = {Bright Air, Brilliant Fire}
, publisher = {Basic Books Inc.}
, address = {New York}
, year = {1992}
}
@book{fensonetal:1993,
author = {Fenson, L. and Dale, P.S. and Reznick, J.S. and Thal, D. and Bates, E. and Hartung, J. and Pethick, S. and Reilly, J.},
title = {The MacArthur Communicative Development Inventories: user's guide and technical manual},
publisher = {Singular Publishing Group},
address = {San Diego},
year = {1993}
}
@book
{fodor:1975
, author = {Fodor, J.A.}
, title = {The language of thought}
, publisher = {Harvester Press}
, address = {Hassocks}
, year = {1975}
}

@book:1997
{foley
, author = {Foley, W.A.}
, title = {Anthropological linguistics : an introduction}
, publisher = {Blackwell}
, address = {Cambridge, MA}
, year = {1997}
}
@proceedings{fu:1976,
title = {Digital Pattern Recognition},
editor = {Fu, K.S.},
Publisher = {Springer-Verlag},
address = {Berlin},
year = {1976}
}

@inproceedings{gardenfors:1996,
author = {G\"ardenfors, P.},
title = {Conceptual spaces as a basis for cognitive semantics},
booktitle = {Philosophy and Cognitive Science},
editor = {A. Clark et al},
publisher = {Kluwer},
address = {Dordrecht},
year = {1996}
}
@article
{gardners:1984
, author = {Gardner, R.A. and B.T. Gardner}
, title = {A vocabulary test for chimpanzees}
, journal = {Journal of Comparative Psychology}
, volume = {4:381-404}
, year = {1984}
}
@article{gardners:1969,
author = {Gardner, B.T. and Gardner, R.A.},
title = {Teaching sign language to a chimpanzee},
journal = {Science},
volume = {165},
pages = {664-672},
year = {1969}
}
@proceedings{gardners:1989,
editor = {Gardner, R.A. and Gardner, B.T. and Van Cantfort, T.E.},
title = {Teaching Sign Language to Chimpanzees},
publisher = {State University of New York Press},
year = {1989}
}

@TechReport{gasser:1998,
  author = 	 {Gasser, M. (ed)},
  title = 	 {The Grounding of Word Meaning: Data and Models, Papers from the 1998 Workshop},
  institution =  {AAAI Press},
  year = 	 {1998},
  number = 	 {Technical Report WS-98-06},
}

@Proceedings{harnad:1976,
  title = 	 {Origins And Evolution Of Language And Speech},
  year = 	 {1976},
  editor = 	 {Harnad, S. and Steklis, H. and Lancaster, J.},
  volume = 	 {280},
  series = 	 {Annals of the New York Academy of Sciences},
  publisher = {The New York Academy of Sciences},
}

@article
{harnad:1990
, author = {Harnad, S.}
, title = {The Symbol Grounding Problem}
, journal = {Physica D}
, volume = {42}
, pages = {335-346}
, publisher = {}
, year = {1990}
}
@article
{harnad:1993
, author = {Harnad, S.}
, title = {Grounding Symbols in the Analog World with Neural Nets}
, journal = {Think}
, volume = {2}
, pages = {12 - 78}
, publisher = {}
, address = {}
, year = {1993}
}
@article{harris:1983,
author = {Harris, J.},
title = {What does mean length of utterance mean? Evidence from a comparative study of normal and Down's syndrome children.},
journal = {Journal of Nental Deficiency Research},
volume = {33},
pages = {193-210},
year = {1983}
}
@article{harrisetal:1983,
author = {Harris, M. and Jones, D. and Grant, J.},
title = {The nonverbal context of mothers' speech to infants},
journal = {First Language},
volume = {4},
pages = {21-30},
year = {1983}
}
@article{harrisetal:1984,
author = {Harris, M. and Jones, D. and Grant, J.},
title = {The social interactional context of maternal speech to infants: an explanation for the event-bound nature of early word use?},
journal = {First Language},
volume = {5},
pages = {89-100},
year = {1984}
}
@proceedings{hawkins:1988,
title = {Explaining Language Universals},
editor = {Hawkins, J.A.},
year = {1988},
publisher = {Basil Blackwell Ltd.}
}
@article{hirsch-paseketal:1984,
author = {Hirsch-Pasek, K. and Treitman, R. and Schneiderman, M.},
title = {Brown and Hanlon revisited: mother's sensitivity to ungrammatical forms},
journal = {Journal of Child Language},
volume = {11},
pages = {81-88},
year = {1984}
}
@book
{hurford:1998
, author = {Hurford, J. and C. Knight and M. Studdert-Kennedy}
, title = {Evolution of Human Language}
, publisher = {Edingburgh University Press}
, address = {Edingburgh}
, year = {1998}
}
@article{jaeger:1997,
author = {Jaeger, H. and T. Christaller},
title = {Dual Dynamics: Designing Behavior Systems for Autonomous Robots},
journal = {Artificial Life and Robotics},
volume = {2},
year = {1998}, 
pages = {108-112 }
}
@book
{johnson:1997
, author = {Johnson, M.H.}
, title = {Developmental Cognitive Science}
, publisher = {Blackwell Publishers}
, address = {Oxford, UK}
, year = {1997}
}
@book
{kantz:1997
, author = {Kantz, H. and T. Schreiber}
, title = {Nonlinear time series analysis. Cambridge Nonlinear Science Series 7}
, publisher = {Cambridge University Press}
, address = {Cambridge}
, year = {1997}
}
@PhdThesis{kaplan:2000,
  author = 	 {Kaplan, F.},
  title = 	 {L'\'emergence d'un lexique dans une population d'agent autonomes},
  school = 	 {},
  year = 	 {2000},
  OPTkey = 	 {},
  OPTaddress = 	 {},
  OPTtype = 	 {},
  OPTmonth = 	 {},
  note = 	 {In preparation},
  OPTannote = 	 {}
}

@inproceedings
{kirby:1997
, author = {Kirby, S. and J. Hurford}
, title = {Learning, Culture and Evolution in the Origin of Linguistic Constraints}
, booktitle = {Proceedings of the Fourth European Conference on Artificial Life}
, editor = {Husbands, C. and I. Harvey}
, publisher = {MIT Press}
, address = {Cambridge, MA and London}
, year = {1997}
}
@book{kuhn:1962,
author = {Kuhn, T. S.},
title = {The structure of Scientific Revolutions},
year = {1962},
address = {Chicago},
publisher = {Chicago University Press}
}
@inproceedings{KroBun99, author = {Kr\"ose,B.J.A. and
Bunschoten,R. }, title = {Probabilistic localization by appearance
models and active vision}, booktitle = {Proceedings of the IEEE
International Conference on Robotics and Automation}, pages = {
2255- 2260}, year = 1999, }

@inproceedings{KroBunVlaMot99, author = {Kr\"ose,Ben and
Bunschoten,Roland and Vlassis, Nikos and Motomura, Yoichi}, title
= {Appearance based robot localization}, booktitle = {IJCAI-99
workshop on Adaptive Spatial Representations of Dynamic
Environments}, editor = {G. Kraetzschmar}, pages = {53 - 58}, year
= 1999, }

@inproceedings{MotVlaKro99, author = {Motomura, Yoichi and
Vlassis, Nikos and Kr\"ose,Ben }, title = {Probabilistic Robot
Localization and Situated Feature Focusing}, booktitle = {IEEE
System, Machine and Cybernetics Conference Tokyo}, year = 1999, }

@inproceedings{VlaMotKro99, author = {Vlassis, N. and Motomura, Y.
and Kr\"ose, B.}, title = {An information-theoretic localization
criterion for robot map building}, booktitle = {Proc. ACAI'99,
Int. Conf. on Machine Learning and Applications}, pages = {1-6},
year = {1999} }
@inproceedings{labov:1973,
author = {Labov, W.},
title = {The boundary of words and their meanings},
editor = {Bailey, C.-J.N. and Shuy, R.W.},
booktitle = {New ways of analyzing variation in English},
publisher = {Georgetown University Press},
address = {Washington D.C.},
year = {1973}
}
@book
{lakoff:1987
, author = {Lakoff, G.}
, title = {Women, Fire and Dangerous Things}
, publisher = {The University of Chicago Press}
, address = {}
, year = {1987}
}
@mastersthesis
{landelius:mastersthesis
, author = {Tomas Landelius}
, title = {Behaviour Representation by Growing a Learning Tree }
, school = {Linkoping University}
, year = {1994}
}

@book{ledoux:1996,
author = {LeDoux, J.},
title = {The Emotional Brain},
publisher = {Simon \& Schuster},
address = {New York},
year = {1996}
}
@book{maturanavarela:1992,
title = {The tree of knowledge: the biological roots of human understanding},
author = {Maturana, H.R. and Varela, F.R.},
publisher = {Shambhala},
address = {Boston},
year = {1992}
}
@book{maynard-smith:1995,
author = {Maynard-Smith, J. and Szathm\a'ary, E.},
title = {The Major Transitions in Evolution},
publisher = {W.H. Freeman and Company Ltd.},
address = {Oxford},
year = {1995}
}
@ARTICLE{McCallum:phd,
        AUTHOR             = {Andrew K. McCallum},
        JOURNAL            = {Ph.D. Thesis},
        MONTH              = { },
        NUMBER             = { },
        INSTITUTION        = {University of Rochester, Rochester, New York},
        TITLE              = {Reinforcement Learning with Selective Perception and Hidden State},
        VOLUME             = {},
        YEAR               = {1996}
}
@Proceedings{macwhinney:1987,
  title = 	 {Mechanisms of Language Acquisition},
  year = 	 {1987},
  OPTkey = 	 {},
  editor = 	 {MacWhinney, B.},
  OPTvolume = 	 {},
  OPTnumber = 	 {},
  OPTseries = 	 {},
  publisher = {Lawrence Erlbaum Associates, Inc.},
  OPTorganization = {},
  OPTaddress = 	 {},
  OPTmonth = 	 {},
  OPTnote = 	 {},
  OPTannote = 	 {}
}

@inproceedings
{mcfarland:coop
, author = {McFarland, D.}
, title = {Towards Robot Cooperation}
, booktitle = {From Animals to Animats 3: Proceedings of the Third
		  International Conference on Simulation of Adaptive
		  Behavior}
, publisher = {The MIT Press}
, address = {Cambridge, MA}
, editor = {Cliff and Husbands and Meyer and Wilson}
, year = {1994}
}
@inproceedings{mcintyre:1998,
author = {McIntyre, A.},
title = {Babel: A testbed for research in origins of language},
booktitle = {Proceedings of COLING-ACL 98},
publisher = {ACL},
address = {Montreal},
year = {1998}
}
@inproceedings
{maclennan:1991
, author = {MacLennan, B.}
, title = {Synthetic ethology: an approach to the study of communication}
, booktitle = {Artificial Life II, Vol. X of SFI Studies in the Sciences of Complexiy}
, editor = {Langton, C.G. and C. Taylor and J.D. Farmer}
, publisher = {Addison-Wesley Pub. Co.}
, address = {Redwood City, CA}
, year = {1991}
}
@book{markman:1989,
author = {Markman, E.},
title = {Categorization and naming in children},
publisher = {MIT Press},
address = {Cambridge, MA},
year = {1989}
}
@inproceedings{minsky:1981,
author = {Minsky, M.},
title = {A framework for representing knowledge},
booktitle = {Mind Design},
editor = {Haugeland, J.},
year = {1981}
}
@book{mitchell:1997,
author = {Mitchell, T.M.},
title = {Machine Learning},
publisher = {McGraw-Hill},
year = {1997}
}
@article{moerk:1983,
author = {Moerk, E.},
title = {A behavioural analysis of controversial topics in first language acquisition: reinforcements, corrections, modeling, input frequencies, and the three-term contingency},
journal = {Journal of Phycholinguistic Research},
volume = {12},
pages = {129-155},
year = {1983}
}
@article{moore:1995,
author = {Moore, A.W. and Atkeson, C.G.},
title = {The parti-game algorithm for variable resolution reinforcement learning in multidimensional state-spaces},
journal = {Machine Learning},
volume = {21(3)},
pages = {199-233},
year = {1995}
}
@inproceedings
{murao:96,
 author = {Hajime Murao and Shinzo Kitamura}
, title = {Q-Learning with Adaptive State Space Construction}
, booktitle = {6th European Workshop on Learning Robots}
, editor = {Birk, A. and J. Demiris}
, publisher = {Springer-Verlag}
, address = 	 {Berlin}
, series = 	 {Lecture Notes in Artificial Intelligence}
, year = {1998}
}
@article{nagel:1974,
author = {Nagel, T.},
title = {What is it like to be a bat?},
journal = {The Philosophical Review},
volume = {83},
pages = {435-450},
year = {1974}
}

@Book{nelson:1973,
  author = 	 {Nelson, K.},
  title = 	 {Structure and Strategy in Learning to Talk},
  publisher = 	 {},
  year = 	 {1973},
  volume = 	 {38, series no. 149},
  series = 	 {Monographs of the Society for Research in Child Development},
}

@article
{newell:1980
, author = {Newell, A.}
, title = {Physical Symbol Systems}
, journal = {Cognitive Science}
, volume = {4}
, pages = {135-183}
, year = {1980}
, publisher = {}
, address = {}
}
@book
{newell:1990
, author = {Newell, A.}
, title = {Unified Theories of Cognition}
, year = {1990}
, publisher = {Harvard University Press}
, address = {Cambridge, MA}
}
@article{newellsimon:1956,
author = {Newell, A. and Simon, H.},
title = {The Logic Theory Machine},
journal = {IRE Transactions on Information Theory IT},
volume = {2(3)},
pages = {61-79},
year = {1956}
}
@book{noth:1990,
author = {N\"oth, W.},
title = {Handbook of Semiotics},
publisher = {Indiana University Press},
address = {Bloomington},
year = {1990}
}

@inproceedings{oates:1999,
author = {Oates, T.},
title = {Identifying Distinctive Subsequences in Multivariate Time Series by Clustering},
booktitle = {Proceedings of the Fifth International Conference on Knowledge Discovery and Data Mining},
editor = {},
year = {1999}
}

@TechReport{oatesetal:1999,
  author = 	 {Oates, T. and Eyler-Walker, Z. and Cohen, P.R.},
  title = 	 {Using Syntax to Learn Semantics: An Experiment in Language Acquisition with a Mobile Robot},
  institution =  {University of Amherst},
  year = 	 {1999},
  number = 	 {Technical Report 99-35},
  address = 	 {Amherst},
}

@Book{oja:83,
  author = 	 {Erkki Oja},
  title = 	 {Subspace Methods of Pattern Recognition},
  publisher = 	 {Research Studies Press Ltd.},
  year = 	 {1983},
  key = 	 {},
  editor = 	 {},
  volume = 	 {},
  number = 	 {},
  series = 	 {},
  address = 	 {Letchworth},
  edition = 	 {},
  month = 	 {},
  note = 	 {},
  annote = 	 {}
}
@article
{oliphant:1996
, author = {Oliphant, M.}
, title = {The dilemma of saussurean communication}
, journal = {Biosystems}
, volume = {1-2(37)}
, pages = {31-38}
, year = {1996}
}

@PhdThesis{oliphant:1997,
  author = 	 {Oliphant, M.},
  title = 	 {Formal Approaches to Innate and Learned Communication: Laying the Foundation for Language},
  school = 	 {University of California, San Diego},
  year = 	 {1997}
}

@inproceedings{oliphant:1998,
author = {Oliphant, M.},
title = {Rethinking the language bottleneck: Why don't animals learn to communicate?},
booktitle = {The Evolution of Language (selected papers from the 2nd International Conference on the Evolution of Language, London, April 6-9 1998)}
, editor = {Chris Knight and J. R. Hurford}
, publisher = {}
, year = {1998}
}
@misc{oliphant:2000,
author = {Oliphant, M.},
title = {The learning barrier: Moving from innate to learned systems of communication},
howpublished = {To appear in {\em Adaptive Behavior}},
year = {2000}
}

@Misc{oudeyer:1999,
  author = 	 {Oudeyer, P.-Y.},
  title = 	 {Experiment in emergent phonetics},
  howpublished = {Rapport de stage de deuxi\`eme ann\'ee. Magist\`ere informatique et mod\'elisation, ENS Lyon},
  year = 	 {1999},
}
@Book{peirce:1931,
  author = 	 {Peirce, C.S.},
  title = 	 {Collected Papers},
  publisher = 	 {Harvard University Press},
  year = 	 {{1931--1958}},
  volume = 	 {I-VIII},
  address = 	 {Cambridge, MA},
}
@book{piaget:1966,
author = {Piaget, J.},
title = {La naissance de l'intelligence chez l'enfant},
publisher = {Delachaux et Netl\'e},
address = {Neufchatel},
year = {1996}
}
@book{pinker:1994,
author = {Pinker, S.},
title = {The language instinct},
publisher = {Allen Lane},
address = {London},
year = {1994}
}
@article{pinkerbloom:1990,
author = {Pinker, S. and Bloom, P.},
title = {Natural language and natural selecion},
journal = {Behavioral and brain sciences},
year = {1990},
volume = {13},
pages = {707-789},
publisher = {Cambridge Univ. Press}
}
@inproceedings
{popescu-belis:1997
, author = {Popescu-Belis, A.}
, title = {Design of an Adaptive Multi-Agent System Based on the "Neural Darwinism" Theory}
, editor = {}
, booktitle = {First International Conference on
    Autonomous Agents}
, publisher = {}
, address = {Marina del Rey, California}
, pages = {484-485}
, year = {1997}
}
@book{pfeiferscheier:1999,
title = {Understanding Intelligence},
author = {Pfeifer, R. and Scheier, C.},
publisher = {MIT Press},
year = {1999}
}
@article{premack:1971,
author = {Premack, D.},
title = {Langauge in chimpanzee?},
journal = {Science},
volume = {172},
pages = {808-822},
year = {1971}
}
@book
{prigogine
, author = {Prigogine, I. and I. Strengers}
, title ={Order out of Chaos}
, year = {1984}
, publisher = {Bantam Books}
, address = {New York}
}
@book{putnam:1975,
author = {Putnam, H.},
title = {Mind, Language and Reality},
publisher = {Cambridge University Press},
year = {1975}
}
@proceedings{pylyshyn:1987,
title = {The Robot's Dilemma},
editor = {Pylyshyn, Z.W.},
publisher = {Ablex Publishing Corporation},
address = {New Jersey},
year = {1987}
}
@inproceedings{reekeetal:1989,
title = {Synthetic Neuronal Modelling: Comparisons of Population and Connectionist Approaches},
author = {Reeke, G.N. and Sporns, O. and Edelman, G.M.},
booktitle = {Connectionism in Perspective},
editor = {Pfeifer, R. and Schreter, Z. and Fogelman-Souli\'e, F. and Steels, L.},
publisher = {Elsevier Science Publishers B.V.},
address = {North-Holland},
year = {1989}
}
@article{regier:1995,
author = {Regier, T.},
title = {A model of the human capacity for categorizing spatial relations},
journal = {Cognitive Linguistics},
volume = {6(1)},
pages = {63-88},
year = {1995}
}
@article
{rosch:1976
, author = {Rosch, E. and C.B. Mervis and W.D. Gray and D.M. Johnson and P. Boyes-Braem}
, title = {Basic Objects in Natural Categories}
, journal = {Cognitive Psychology}
, volume = {8}
, pages = {382-439}
, year = {1976}
}
@inproceedings{rosch:1978,
author = {Rosch, E.},
title = {Principles of Categorization},
booktitle = {Cognition and Categorization},
editor = {Rosch, E. and Lloyd, B.B.},
publisher = {Lawrence Erlbaum Ass.},
year = {1978}
}
@article{rosenstein:1994
, author = {Rosenstein, M.T. and J.J. Colins and C.J. De Luca}
, title = {Reconstruction expansion as a geometry-based framework for choosing proper delay times}
, journal = {Physica D}
, volume = {73}
, pages = {82-98}
, year = {1994}
}
@inproceedings{rosenstein:1998a
, author = {Rosenstein, M. and P. R. Cohen}
, year = {1998}
, title = {Concepts from time series}
, booktitle = {Proceedings of the Fifteenth National Conference on Artificial Intelligence}
, editor = {}
, publisher = {AAAI Press}
, address = {Menlo Park Ca.}
}
@inproceedings{rosenstein:1998b
, author = {Rosenstein, M. and P. R. Cohen}
, year = {1998}
, title = {Symbol Grounding With Delay Coordinates}
, booktitle = {Working notes of the AAAI-98 workshop on: The Grounding of Word Meaning}
, editor = {}
, publisher = {AAAI Press}
, address = {Menlo Park Ca.}
}

@proceedings{rumbaugh:1977,
editor = {Rumbaugh, D.M.},
title = {Language Learning by a Chimpanzee: The Lana Project},
publisher = {Academic Press},
year = {1977}
}
@book{saussure:1974,
author = {de Saussure, F.},
title = {Course in general linguistics},
publisher = {Fontana},
address = {New York},
year = {1974}
}
@article{schafferetal:1983,
author = {Schaffer, H. R. and Hepburn, A. and Collis, G.},
title = {Verbal and non-verbal aspects of mothers' directives},
journal = {Journal of Child Language},
volume = {10},
pages = {337-355},
year = {1983}
}
@book{schank:1977,
author = {Schank, R. and Abelson, R.},
title = {Scripts, Plans, Goals, and Understainding},
publisher = {Jhon Whiley and Sons},
address = {New Jersey},
year = {1977}
}
@book{schieffelinochs:1989,
author = {Schieffelin, B. and Ochs, E.},
title = {Language socialization across cultures},
publisher = {Cambridge University Press},
address = {Cambridge, UK.},
year = {1989}
}
@article{shannon:1948,
author = {Shannon, C.},
title = {A mathematical theory of communication},
journal = {The Bell System Technical Journal},
volume = {27},
pages = {379-423, 623-656},
year = {1948}
}
@article
{searle:1980
, author = {Searle, J.R.}
, title = {Minds, Brains and Programs}
, journal = {Behavioral and Brain Sciences}
, volume = {3}
, pages = {417-457}
, publisher = {Cambridge Univ. Press}
, address = {}
, year = {1980}
}
@book
{searle:1984
, author = {Searle, J.R.}
, title = {Minds, Brains and Science}
, year = {1984}
, publisher = {Harvard University Press}
, address = {Cambridge, MA}
}
@book{smiththelen:1993,
author = {Smith, Linda B. and Thelen, Esther},
title = {A Dynamic Systems Approach to Development},
publisher = {The MIT Press},
address = {Cambridge, MA},
year = {1993}
}
@misc{steels:1992,
author = {Steels, L.},
title = {The PDL Reference Manual},
howpublished = {AI Lab Memo 92-05},
year = {1992}
}
@article
{steels:1994a
, author = {Steels, L.}
, title = {Artificial Life roots of Artificial Intelligence}
, journal = {Arificial Life Journal}
, volume = {1(1)}
, pages = {89-125}
, year = {1994}
}
@inproceedings
{steels:1994b,
author = {Steels, L.},
title = {Building Agents with Autonomous Behavior Systems},
booktitle = {The 'artificial life' route to 'artificial intelligence'. Building situated embodied agents},
editor = {Steels, L. and Brooks, R.A.},
publisher = {Lawrence Erlbaum Associates},
address = {New Haven},
year = {1994}
}
@inproceedings
{steels:1994
, author = {Steels, L.}
, title = {A case study in the behaviour-oriented design of autonomous
		  agents}
, booktitle = {Proceedings of the third Simulation of Adaptive
		  Behavior Conference}
, publisher = {The MIT Press}
, address = {Cambridge, MA}
, year = {1994}
}
@inproceedings
{steels:1996a
, author = {Steels, L.}
, title = {Emergent Adaptive Lexicons}
, booktitle = {From Animals to Animats 4: Proceedings of the Fourth
		  International Conference On Simulating Adaptive
		  Behavior}
, editor = {Maes, P.}
, year = {1996}
, publisher = {The MIT Press}
, address = {Cambridge, MA}
}
@inproceedings
{steels:1996e
, author = {Steels, L.}
, title = {The Spontaneous Self-organization of an Adaptive Language}
, booktitle = {Machine Intelligence 15}
, editor = {Muggleton, S.}
, publisher = {Oxford University Press}
, address = {Oxford}
, year = {1996}
}
@inproceedings
{steels:1996b
, author = {Steels, L.}
, title = {Perceptually grounded meaning creation}
, booktitle = {Proceedings of the International Conference on
		  Multi-Agent Systems}
, editor = {Tokoro, M.}
, publisher = {AAAI Press}
, address = {Menlo Park Ca.}
, year = {1996}
}
@article{steels:1996d,
author = {Steels, L.},
title = {A self-organising spatial vocabulary},
journal = {Artificial Life Journal},
volume = {3(2)},
pages = {},
year = {1996}
}
@article
{steels:1996c
, author = {Steels, L.}
, title = {Discovering the competitors}
, journal = {Journal of Adaptive Behavior}
, volume = {4(2)}
, pages = {173-199}
, year = {1996}
}
@inproceedings
{steels:1997a
, author = {Steels, L.}
, title = {Synthesising the origins of language and meaning using
		  co-evolution, self-organisation and level formation}
, booktitle = {Evolution of Human Language}
, editor = {Hurford, J. and C. Knight and M. Studdert-Kennedy}
, publisher = {Edingburgh University Press}
, address = {Edingburgh}
, year = {1997}
}
@article
{steels:1997b
, author = {Steels, L.}
, title = {The synthetic Modeling of Language Origins}
, journal = {Evolution of Communication}
, volume = {1(1)}
, pages = {1-34}
, year = {1997}
}
@inproceedings{steels:1997c,
author = {Steels, L.},
title = {Language Learning and Language Contact},
booktitle = {Workshop Notes of the ECML/MLnet Familiarization Workshop on Empirical Learning of Natural Language Processing Tasks},
editor = {Daelemans, W. and Van den Bosch, A. and Weijters, A.},
address = {Prague},
pages = {11-24},
year = {1997}
}
@book{steels:2000,
author = {Steels, L.},
title = {The Talking Heads Experiments. Volume 1. Words and Meanings},
publisher = {Special pre-edition for LABORATORIUM, Antwerpen},
year = {1999},
}
@inproceedings{steels:2000a,
author = {Steels, L.},
title = {The Emergence of Grammar in Communicating Autonomous Robotic Agents},
booktitle = {Proceedings of ECAI-2000},
editor = {Horn, W.},
publisher = {IOS Press},
address = {Amsterdam},
year = {2000}
}
@book{steelsbrooks:1993,
author = {Steels, L. and R. Brooks},
title = {The 'artificial life' route to 'artificial intelligence'. Building situated embodied agents},
publisher = {Lawrence Erlbaum Ass.},
address = {New Haven},
year = {1995}
}
@inproceedings
{steelskaplan:1998
, author = {Steels, L. and F. Kaplan}
, title = {Stochasticity as a Source of Innovation in Language Games}
, booktitle = {Proceedings of Alive VI}
, editor = {}
, address = {}
, year = {1998}
}
@inproceedings{steelskaplan:1999,
author = {Steels, L. and F. Kaplan},
title = {Situated Grounded Word Semantics},
booktitle = {Proceedings of IJCAI 99},
editor = {},
publisher = {Morgan Kaufmann},
address = {},
year = {1999}
}
@inproceedings{steelsmcintyre:1999,
title = {Spatially Distributed Naming Games},
author = {Steels, L. and McIntyre, A.},
booktitle = {Advances in complex systems},
editor = {},
year = {1999}
}
@inproceedings
{steelsvogt:1997
, author = {Steels, L. and P. Vogt}
, title = {Grounding adaptive language games in robotic agents}
, booktitle = {Proceedings of the Fourth European Conference on Artificial Life}
, editor = {Husbands, C. and I. Harvey}
, publisher = {MIT Press}
, address = {Cambridge, MA and London}
, year = {1997}
}
@book{suttonbarto:1998,
author = {Sutton, R.S. and Barto, A.G.},
title = {Reinforcement Learning: An Introduction},
publisher = {The MIT Press (A Bratford Book)},
address = {Cambridge, MA},
year = {1998}
}
@article
{takens:1981
, author = {Takens, F.}
, title = {Detecting strange attractors in turbulence}
, journal = {Lecture Notes in Mathematics}
, volume = {898:366-381}
, publisher = {Springer}
, year = {1981}
}
@inproceedings{taninolfi:1998
, author = {Tani, J. and S. Nolfi}
, title = {Learning to Perceive the World as Articulated: An Approach for Hierarchical Learning in Sensory-Motor Systems}
, booktitle = {From animals to animats 5, Proceedings of the fifth internation conference on simulation of adaptive behavior}
, year = {1998}
, publisher = {MIT Press}
, address = {Cambridge, MA}
, editor = {Pfeifer, R. and Blumberg, B. and Meyer, J-A. and Wilson, S.}
}
@article{tomasello:1992,
author = {Tomasello, M.},
title = {The social bases of language acquisition},
journal = {Social Development},
volume = {1},
pages = {67-87},
year = {1992}
}
@article{tomasellotodd:1983,
author = {Tomasselo, M. and Todd, J.},
title = {Joint attention and lexical acquisition style},
journal = {First Language},
volume = {4},
pages = {197-212},
year = {1983}
}
@article{tomaselloetal:1986,
author = {Tomasello, M. and Mannle, S. and Kruger, A.},
title = {The linguistic environment of one to two year old twins},
journal = {Developmental Psychology},
volume = {22},
pages = {169-176},
year = {1986}
}
@article{tomasellobarton:1994,
author = {Tomasello, M. and Barton, M.},
title = {Learning Words in Nonostensive Contexts},
journal = {Developmental Psychology},
volume = {30(5)},
pages = {639-650},
year = {1994}
}
@inproceedings{vanlooveren:1999,
author = {Van Looveren, J.},
title = {Multiple Word Naming Games},
editor = {Postma, E. and Gyssens, M.},
booktitle = {Proceedings of the Eleventh Belgium-Netherlands Conference on Artificial Intelligence},
publisher = {University of Maastricht},
year = {1999}
}
@mastersthesis
{vogt:1997
, author = {Vogt, P.}
, title = {A perceptual grounded self-organising lexicon in robotic agents}
, school = {Cognitive Science and Engineering, University of Groningen}
, year = {1997}
}
@inproceedings
{vogt:1998a
, author = {Vogt, P.}
, title = {Perceptual grounding in robots}
, booktitle = {Learning Robots, Proceedings of the EWLR-6, Lecture Notes on Artificial Intelligence 1545}
, editor = {Birk, A. and J. Demiris}
, publisher = {Springer}
, address = {}
, year = {1998}
}
@inproceedings
{vogt:1998b
, author = {Vogt, P.}
, title = {The evolution of a lexicon and meaning in robotic agents through self-organization}
, booktitle = {Proceedings of the Netherlands/Belgium Conference on Artificial Intelligence} 
, editor = {La Poutr\'e, H. and J. van den Herik}
, publisher = {CWI Amsterdam}
, address = {Amsterdam}
, year = {1998}
}
@misc
{vogt:1998c
, author = {Vogt, P.}
, title = {The evolution of a lexicon and meaning in robotic agents through self-organization}
, howpublished = {VUB AI Memo 98-09, Presented at the 2nd Evolution of Language Conference, April 1999}
, address = {London}
, year = {1998}
}
@misc
{vogt98
, author = {Vogt, P.}
, title = {Comparing perceptual methods in adaptive naming games}
, year = {1998}
, howpublished = {forthcoming}
}
@article{vogt:1998d,
author = {Vogt, P.},
title = {Afferent Influences on Effectors in Knowledge Formation: Commentary on Jarviletho on Efference-Knowledge},
journal = {Psycoloquy}, 
volume = {9(82)},
pages = {},
year = {1998}
}
@inproceedings{vogt:1999a,
author = {Vogt, P.},
title = {Grounding a Lexicon in a Coordination Task on Mobile Robots},
booktitle = {Proceedings of Eleventh Belgium-Netherlands Conference on Artificial Intelligence},
editor = {Postma, E. and Gyssens, M.},
publisher = {},
address = {Univ. of Maastricht},
year = {1999}
}
@misc{vogt:1999b,
author = {Vogt, P.},
title = {Grounding a Lexicon in a Coordination Task on Mobile Robots},
howpublished = {AI Memo 99-10, Extended version of \cite{vogt:1999a}. To be submitted for publication},
year = {1999}
}
@inproceedings{vogt:2000,
author = {Vogt, P.},
title = {Grounding Language About Actions: Mobile Robots Playing Follow Me Games},
booktitle = {SAB2000 Proceedings Supplement Book},
editor = {Meyer and Bertholz and Floreano and Roitblat and Wilson},
publisher = {International Society for Adaptive Behavior},
address = {Honolulu},
year = {2000}
}
@misc{vogt:2000a,
author = {Vogt, P.},
title = {Grounding Vocabularies on Mobile Robots},
howpublished = {PhD Thesis, in preparation},
year = {}
}
@article{vogtetal:2000,
author = {Vogt, P. and De Boer, B. and Van Looveren, J.},
title = {Luisterende robots en het ontstaan van taal},
journal = {Natuur en Techniek},
volume = {68(2)},
year = {2000}
}
@mastersthesis
{vereertbrugghen:1996
, author = {Vereertbrugghen, D.}
, title = {Design and Implementation of a Second Generation
		  Sensor-Motor Control Unit for Mobile Robots}
, school = {Vrije Universiteit Brussel}
, year = {1996}
}
@inproceedings
{ward
, author = {Ward, D.J.}
, title = {Analysis of Perceptual Grounding through Parameter Variation}
, editor = {}
, booktitle = {Notes of the VIM'97 Workshop on Collaboration between human and artificial societies.}
, publisher = {}
, address = {Universita' di Salerno.}
, year = {1997}
}
@inproceedings
{wernerdyer:1991
, author = {Werner, G.M. and M.G. Dyer}
, title = {Evolution and communication in artificial organisms}
, booktitle = {Artificial Life II, Vol. X of SFI Studies in the Sciences of Complexiy}
, editor = {Langton, C.G. and C. Taylor and J.D. Farmer}
, publisher = {Addison-Wesley Pub. Co.}
, address = {Redwood City, CA}
, year = {1991}
}
@book
{wittgenstein
, author = {Wittgenstein, L.}
, title = {Philosophische Untersuchungen}
, publisher = {Suhrkamp}
, address = {Frankfurt}
, year = {1967}
}
@book{wittgenstein:1958,
author = {Wittgenstein, L.},
title = {Philosophical Investigations},
publisher = {Basil Blackwell},
address = {Oxford, UK},
year = {1958}
}
@proceedings{wilsonkeil:1999,
editor = {Wilson, R.A. and Keil, F.C.},
title = {The MIT Encyclopedia of the Cognitive Sciences},
publisher = {The MIT Press},
address = {Cambridge, MA},
year = {1999}
}
@book{winograd:1972,
author = {Winograd, T.},
title = {Understanding Natural Language},
publisher = {Academic Press},
year = {1972}
}
@inproceedings
{yancostein
, author = {Yanco, H. and L. Stein}
, title = {An adaptive Communication Protocol for Cooperating Mobile Robots}
, booktitle = {From Animals to Animats 2. Proceedings of the Second International Conference on Simulation of Adaptive Behavior}
, editor = {Meyer, J-A. and H.L. Roitblat and S. Wilson}
, year= {1993}
, publisher = {The MIT Press}
, address = {Cambridge, MA}
, pages = {478-485}
}
@phdthesis{zlatev:1997,
author = {Zlatev, J.},
year = {1997},
school = {Stockholm University},
address = {Sweden},
title = {Situated Embodiment}
}


